@misc{MarkSenn2016DPUT,
abstract = {The puthesis (Purdue University thesis) LaTeX typesetting system documentclass is used to format Purdue University masters bypass reports, masters theses, PhD dissertations, and PhD preliminary reports....},
publisher = {Figshare},
year = {2016},
title = {Doing Purdue University Theses Using LaTeX},
author = {Mark Senn},
keywords = {Uncategorized},
}

@misc{ClairePontbriand2019ItL,
publisher = {Brandeis University},
year = {2019},
title = {Introduction to LaTeX},
author = {Claire Pontbriand},
}

@article{DongXuejun2009MBJC,
issn = {1092-1206},
journal = {Issues in Science & Technology Librarianship},
number = {58},
year = {2009},
title = {Managing Biological Journal Citations: The Use of a BIBTeX Journal Titles and Abbreviations Database in Conjunction with LaTeX Type-Setting System},
language = {eng},
author = {Dong, Xuejun and Patton, Geoffrey and Nyren, Anne and Patton, Bob and Nyren, Paul},
keywords = {Bibliographic Data Bases ; Citations ; Scholarly Publishing ; Biology ; Bibliographic Databases ; Article},
url = {http://search.proquest.com/docview/57688799/},
}

@article{BayuKanigoro2010LSAA,
issn = {2087-1244},
abstract = {<p>Tulisan ini akan memaparkan penggunaan TeX/LaTeX sebagai alternatif dalam penulisan jurnal ComTech dengan menjelaskan instruksi-instruksi LaTeX yang digunakan untuk mengatur tampilan judul tulisan sampai dengan tubuh tulisan sesuai dengan spesifikasi yang telah ditetapkan jurnal ComTech. Hasil dari kompilasi tersebut mendekati susunan format yang telah ditetapkan oleh jurnal ComTech yang dipersiapkan untuk pengolah kata Word Processor.</p>},
journal = {ComTech (Jakarta)},
pages = {430--436},
volume = {1},
publisher = {Bina Nusantara University},
number = {2},
year = {2010},
title = {Latex Sebagai Alternatif Aplikasi Untuk Penulisan Jurnal Comtech},
language = {eng},
author = {Bayu Kanigoro and Jurike V. Moniaga},
keywords = {Tex, Latex, Typesetting, Pengolah Kata, Bahasa Pemrograman ; Computer Science},
url = {https://doaj.org/article/2a11e0bff8dc40b48fbdb88c1d9dbf6b},
}

@misc{MittelbachFrank2004TLc,
series = {Addison-Wesley series on tools and techniques for computer typesetting},
abstract = {Written by the core LaTeX developers and maintainers, this essential reference contains more than 900 self-contained ready-to-run examples that can immediately be reused by readers.},
publisher = {Addison-Wesley},
isbn = {0-13-338764-X},
year = {2004},
title = {The LaTeX companion},
edition = {2nd ed.},
language = {eng},
address = {Boston},
author = {Mittelbach, Frank},
keywords = {Computerized typesetting},
lccn = {2003070810},
}

@misc{KopkaHelmut2004GtL,
series = {Addison-Wesley series on tools and techniques for computer typesetting},
publisher = {Addison-Wesley},
isbn = {0-321-61773-8},
year = {2004},
title = {Guide to LATEX},
edition = {4th ed.},
language = {eng},
address = {Boston},
author = {Kopka, Helmut},
keywords = {Computerized typesetting -- Computer programs -- Computer programs -- Data processing},
}

@book{KopkaHelmut2004GtL,
series = {Addison-Wesley series on tools and techniques for computer typesetting},
publisher = {Addison-Wesley},
isbn = {0321173856},
year = {2004},
title = {Guide to LATEX},
edition = {4th ed.},
language = {eng},
address = {Boston},
author = {Kopka, Helmut},
keywords = {Computerized typesetting -- Computer programs -- Computer programs -- Data processing},
lccn = {2003060364},
}

@book{MittelbachFrank2004TLc,
series = {Addison-Wesley series on tools and techniques for computer typesetting},
publisher = {Addison-Wesley},
isbn = {0201362996},
year = {2004},
title = {The LaTeX companion.},
edition = {2nd ed. / Frank Mittelbach, Michel Goossens, with Johannes Braams, David Carlisle, and Chris Rowley.},
language = {eng},
address = {Boston},
author = {Mittelbach, Frank},
keywords = {Computerized typesetting -- Computer programs -- Computer programs -- Data processing},
lccn = {2003070810},
}

@article{WasilkoPeterJ.2019UtFL,
issn = {1529-3769},
journal = {New York State Bar Association Journal},
pages = {49},
volume = {91},
publisher = {New York State Bar Association},
number = {7},
year = {2019},
title = {Using the Free LaTeX Typesetting System in Your Small to Midsized Practice},
language = {eng},
author = {Wasilko, Peter J.},
keywords = {Document Management Systems – Usage ; Small and Medium Sized Companies – Information Management ; Small and Medium Sized Companies – Practice ; Computerized Typesetting – Usage},
}

@article{PolásekVladimír2012COEP,
issn = {1803537X},
abstract = {In this paper we deal with making electronic presentations containing mathematical text and created using typesetting system LaTeX. Apart from a brief description of the typesetting system, we present here an overview of basic LaTeX classes, designed to create electronic presentations. As the most sophisticated...},
journal = {Journal of Technology and Information Education},
pages = {97--102},
volume = {4},
publisher = {Univerzity Palackeho v Olomouci},
number = {1},
year = {2012},
title = {CREATION OF EDUCATIONAL PRESENTATIONS FROM MATHEMATICS IN TYPESETTING SYSTEM LATEX},
language = {cze ; rus ; hun ; eng ; pol},
address = {Olomouc},
author = {Polásek, Vladimír and Sedlácek, Lubomír},
keywords = {Educational Technology ; Typesetting ; Mathematics Education ; Information Technology},
url = {http://search.proquest.com/docview/1151964813/},
}